@article{SustainYourStyle,
    title = {Fashion & Environment — SustainYourStyle.},
    url = {https://www.sustainyourstyle.org/en/whats-wrong-with-the-fashion-industry},
    author = {Mathilde Charpail},
}

@journal{Accessibilityin3D,
    title = {"Usability and Accessibility in Web 3D"},
    author = {Sebastian Kelle, Raquel M. Crespo García}
}

@article{MobileVsDesktop,
    title = {Mobile vs. Desktop Usage in 2020},
    url = {https://www.perficient.com/insights/research-hub/mobile-vs-desktop-usage},
    author = {Eric Enge},
    month = {April},
    year = {2022}
}

@article{WebAccess,
    title = {Introduction to Web Accessibility | Web Accessibility Initiative (WAI).},
    url = {https://www.w3.org/WAI/fundamentals/accessibility-intro/},
    author = {Shawn Lawton Henry},
    month = {February},
    year = {2005}
}

@article{ScarcitySupreme,
    title = {The Illusion of Scarcity: Supreme, Fluid Values, and Drops},
    url = {https://medium.com/irregular-labs/the-illusion-of-scarcity-supreme-fluid-values-and-drops-f113d84f7bd8},
    author = {Megan},
    month = {June},
    year = {2019},
}

@article{RichardsGlossy,
  title        = "'Any form of exclusion is off-putting': Why brands are still
                  flocking to inclusive marketing",
  booktitle    = "Glossy",
  author       = "Richards, Katie",
  abstract     = "In the last few years, brands promoting diversity and
                  inclusivity through marketing campaigns has become the norm.
                  It no longer feels revolutionary for a company to take this
                  approach, and yet the strategy continues to prove effective
                  for brands not only in gaining new customers but in driving
                  sales.",
  month        =  oct,
  year         =  2019,
  howpublished = "\url{https://www.glossy.co/fashion/any-form-of-exclusion-is-off-putting-why-brands-are-still-flocking-to-inclusive-marketing/.}",
  note         = "Accessed: 2022-4-18",
  language     = "en"
}

@article{UNFashion,
    title = {UN Alliance For Sustainable Fashion addresses damage of 'fast fashion.},
    url = {https://www.unep.org/news-and-stories/press-release/un-alliance-sustainable-fashion-addresses-damage-fast-fashion},
    author = {Shari Nijman},
    month = {March},
    year = {2019}
}
